<?xml version="1.0" encoding="UTF-8"?>
<OAI-PMH xmlns="http://www.openarchives.org/OAI/2.0/" xmlns:xsi="http://www.w3.org/2001/XMLSchema-instance" xsi:schemaLocation="http://www.openarchives.org/OAI/2.0/ http://www.openarchives.org/OAI/2.0/OAI-PMH.xsd">
  <ListRecords>
    <record>
      <header>
        <identifier>aleph-publish:000017864</identifier>
      </header>
      <metadata>
        <record xmlns="http://www.ddb.de/professionell/mabxml/mabxml-1.xsd">
          <leader>00701vM2.01200024------h</leader>
          <controlfield tag="LDR">00701vM2.01200024------h</controlfield>
          <controlfield tag="FMT">MH</controlfield>
          <datafield tag="001" ind1="-" ind2="1">
            <subfield code="a">HT000087382</subfield>
          </datafield>
          <datafield tag="002" ind1="a" ind2="1">
            <subfield code="a">19990911</subfield>
          </datafield>
          <datafield tag="003" ind1="-" ind2="1">
            <subfield code="a">20101006</subfield>
          </datafield>
          <datafield tag="026" ind1="-" ind2="1">
            <subfield code="a">HBZHT000087382</subfield>
          </datafield>
          <controlfield tag="030">a|1uc||||||27</controlfield>
          <datafield tag="036" ind1="a" ind2="1">
            <subfield code="a">DE</subfield>
          </datafield>
          <datafield tag="037" ind1="b" ind2="1">
            <subfield code="a">ger</subfield>
          </datafield>
          <controlfield tag="050">a|||||||||||||</controlfield>
          <controlfield tag="051">m|||||||</controlfield>
          <datafield tag="070" ind1="-" ind2="1">
            <subfield code="a">HBZ/Off</subfield>
          </datafield>
          <datafield tag="070" ind1="b" ind2="1">
            <subfield code="a">61</subfield>
          </datafield>
          <datafield tag="080" ind1="-" ind2="1">
            <subfield code="a">60</subfield>
          </datafield>
          <datafield tag="200" ind1="-" ind2="1">
            <subfield code="g">Deutschland</subfield>
            <subfield code="h">Bundesrepublik</subfield>
            <subfield code="9">(DE-588)4011889-7</subfield>
          </datafield>
          <datafield tag="204" ind1="a" ind2="1">
            <subfield code="g">Deutschland</subfield>
            <subfield code="h">DDR</subfield>
            <subfield code="9">(DE-588)4011890-3</subfield>
          </datafield>
          <datafield tag="331" ind1="-" ind2="1">
            <subfield code="a">VERTRAEGE, ABKOMMEN UND VEREINBARUNGEN ZWISCHEN DER BUNDESREPUBLIK DEUTSCHLAND UND DER DEUTSCHEN DEMOKRATISCHEN REPUBLIK</subfield>
          </datafield>
          <datafield tag="359" ind1="-" ind2="1">
            <subfield code="a">HRSG. VOM PRESSE- UND INFORMATIONSAMT DER BUNDESREGIERUNG</subfield>
          </datafield>
          <datafield tag="410" ind1="-" ind2="1">
            <subfield code="a">STUTTGART</subfield>
          </datafield>
          <datafield tag="412" ind1="-" ind2="1">
            <subfield code="a">KOHLHAMMER</subfield>
          </datafield>
          <datafield tag="425" ind1="a" ind2="1">
            <subfield code="a">1973</subfield>
          </datafield>
          <datafield tag="433" ind1="-" ind2="1">
            <subfield code="a">411 S.</subfield>
          </datafield>
          <datafield tag="517" ind1="-" ind2="1">
            <subfield code="p">Enth.</subfield>
            <subfield code="a">&lt;&lt;Das&gt;&gt; Viermächte-Abkommen über Berlin vom 3. September 1971</subfield>
          </datafield>
          <controlfield tag="SYS">000017864</controlfield>
          <datafield tag="PKO" ind1="-" ind2="1">
            <subfield code="g">Bundesrepublik Deutschland</subfield>
            <subfield code="h">1949-1990</subfield>
            <subfield code="9">(DE-588)4011889-7</subfield>
          </datafield>
          <datafield tag="PKO" ind1="-" ind2="1">
            <subfield code="g">Westdeutschland</subfield>
            <subfield code="h">Bundesrepublik, 1949-1990</subfield>
            <subfield code="9">(DE-588)4011889-7</subfield>
          </datafield>
          <datafield tag="PKO" ind1="-" ind2="1">
            <subfield code="g">BRD</subfield>
            <subfield code="h">1949-1990</subfield>
            <subfield code="9">(DE-588)4011889-7</subfield>
          </datafield>
          <datafield tag="PKO" ind1="-" ind2="1">
            <subfield code="g">Deutschland</subfield>
            <subfield code="x">Bundesrepublik</subfield>
            <subfield code="h">1949-1990</subfield>
            <subfield code="9">(DE-588)4011889-7</subfield>
          </datafield>
          <datafield tag="PKO" ind1="-" ind2="1">
            <subfield code="g">República Federal de Alemania</subfield>
            <subfield code="h">Deutschland, Bundesrepublik</subfield>
            <subfield code="9">(DE-588)4011889-7</subfield>
          </datafield>
          <datafield tag="PKO" ind1="-" ind2="1">
            <subfield code="g">Alemania</subfield>
            <subfield code="h">Deutschland, Bundesrepublik</subfield>
            <subfield code="9">(DE-588)4011889-7</subfield>
          </datafield>
          <datafield tag="PKO" ind1="-" ind2="1">
            <subfield code="g">Allemagne</subfield>
            <subfield code="h">Deutschland, Bundesrepublik</subfield>
            <subfield code="9">(DE-588)4011889-7</subfield>
          </datafield>
          <datafield tag="PKO" ind1="-" ind2="1">
            <subfield code="g">Federal Republic of Germany</subfield>
            <subfield code="h">Deutschland, Bundesrepublik</subfield>
            <subfield code="9">(DE-588)4011889-7</subfield>
          </datafield>
          <datafield tag="PKO" ind1="-" ind2="1">
            <subfield code="g">FRG</subfield>
            <subfield code="9">(DE-588)4011889-7</subfield>
          </datafield>
          <datafield tag="PKO" ind1="-" ind2="1">
            <subfield code="g">Republic of Germany</subfield>
            <subfield code="h">Deutschland, Bundesrepublik</subfield>
            <subfield code="9">(DE-588)4011889-7</subfield>
          </datafield>
          <datafield tag="PKO" ind1="-" ind2="1">
            <subfield code="g">République Fédérale d'Allemagne</subfield>
            <subfield code="h">Deutschland, Bundesrepublik</subfield>
            <subfield code="9">(DE-588)4011889-7</subfield>
          </datafield>
          <datafield tag="PKO" ind1="-" ind2="1">
            <subfield code="g">Republik Federasi Djerman</subfield>
            <subfield code="h">Deutschland, Bundesrepublik</subfield>
            <subfield code="9">(DE-588)4011889-7</subfield>
          </datafield>
          <datafield tag="PKO" ind1="-" ind2="1">
            <subfield code="g">Republika Federalna Niemiec</subfield>
            <subfield code="h">Deutschland, Bundesrepublik</subfield>
            <subfield code="9">(DE-588)4011889-7</subfield>
          </datafield>
          <datafield tag="PKO" ind1="-" ind2="1">
            <subfield code="g">RFN</subfield>
            <subfield code="9">(DE-588)4011889-7</subfield>
          </datafield>
          <datafield tag="PKO" ind1="-" ind2="1">
            <subfield code="g">Niemiecka Republika Federalna Niemiecka Republika Federalna</subfield>
            <subfield code="9">(DE-588)4011889-7</subfield>
          </datafield>
          <datafield tag="PKO" ind1="-" ind2="1">
            <subfield code="g">NRF</subfield>
            <subfield code="9">(DE-588)4011889-7</subfield>
          </datafield>
          <datafield tag="PKO" ind1="-" ind2="1">
            <subfield code="g">Almanija</subfield>
            <subfield code="h">Deutschland, Bundesrepublik</subfield>
            <subfield code="9">(DE-588)4011889-7</subfield>
          </datafield>
          <datafield tag="PKO" ind1="-" ind2="1">
            <subfield code="g">Alemanha</subfield>
            <subfield code="h">Deutschland, Bundesrepublik</subfield>
            <subfield code="9">(DE-588)4011889-7</subfield>
          </datafield>
          <datafield tag="PKO" ind1="-" ind2="1">
            <subfield code="g">Repubblica Federale di Germania</subfield>
            <subfield code="h">Deutschland, Bundesrepublik</subfield>
            <subfield code="9">(DE-588)4011889-7</subfield>
          </datafield>
          <datafield tag="PKO" ind1="-" ind2="1">
            <subfield code="g">Saksan Liittotasavalta</subfield>
            <subfield code="h">Deutschland, Bundesrepublik</subfield>
            <subfield code="9">(DE-588)4011889-7</subfield>
          </datafield>
          <datafield tag="PKO" ind1="-" ind2="1">
            <subfield code="g">Germany</subfield>
            <subfield code="h">Deutschland, Bundesrepublik</subfield>
            <subfield code="9">(DE-588)4011889-7</subfield>
          </datafield>
          <datafield tag="PKO" ind1="-" ind2="1">
            <subfield code="g">Deutschland</subfield>
            <subfield code="h">1949-1990, Bundesrepublik</subfield>
            <subfield code="9">(DE-588)4011889-7</subfield>
          </datafield>
          <datafield tag="PKO" ind1="-" ind2="1">
            <subfield code="g">Förbundsrepublikken Tyskland</subfield>
            <subfield code="h">Deutschland, Bundesrepublik</subfield>
            <subfield code="9">(DE-588)4011889-7</subfield>
          </datafield>
          <datafield tag="PKO" ind1="-" ind2="1">
            <subfield code="g">República Federal da Alemanha</subfield>
            <subfield code="h">Deutschland, Bundesrepublik</subfield>
            <subfield code="9">(DE-588)4011889-7</subfield>
          </datafield>
          <datafield tag="PKO" ind1="-" ind2="1">
            <subfield code="g">Bondsrepubliek Duitsland</subfield>
            <subfield code="h">Deutschland, Bundesrepublik</subfield>
            <subfield code="9">(DE-588)4011889-7</subfield>
          </datafield>
          <datafield tag="PKO" ind1="-" ind2="1">
            <subfield code="g">Németországi Szövetségi Kőztársaság</subfield>
            <subfield code="h">Deutschland, Bundesrepublik</subfield>
            <subfield code="9">(DE-588)4011889-7</subfield>
          </datafield>
          <datafield tag="PKO" ind1="-" ind2="1">
            <subfield code="g">Almāniyā</subfield>
            <subfield code="h">Deutschland, Bundesrepublik</subfield>
            <subfield code="9">(DE-588)4011889-7</subfield>
          </datafield>
          <datafield tag="PKO" ind1="-" ind2="1">
            <subfield code="g">BRD</subfield>
            <subfield code="9">(DE-588)4011889-7</subfield>
          </datafield>
          <datafield tag="PKO" ind1="-" ind2="1">
            <subfield code="g">Ostzone</subfield>
            <subfield code="9">(DE-588)4011890-3</subfield>
          </datafield>
          <datafield tag="PKO" ind1="-" ind2="1">
            <subfield code="g">DDR</subfield>
            <subfield code="9">(DE-588)4011890-3</subfield>
          </datafield>
          <datafield tag="PKO" ind1="-" ind2="1">
            <subfield code="g">Deutsche Demokratische Republik</subfield>
            <subfield code="9">(DE-588)4011890-3</subfield>
          </datafield>
          <datafield tag="PKO" ind1="-" ind2="1">
            <subfield code="g">Mitteldeutschland</subfield>
            <subfield code="h">DDR</subfield>
            <subfield code="9">(DE-588)4011890-3</subfield>
          </datafield>
          <datafield tag="PKO" ind1="-" ind2="1">
            <subfield code="g">Ostdeutschland</subfield>
            <subfield code="h">DDR</subfield>
            <subfield code="9">(DE-588)4011890-3</subfield>
          </datafield>
          <datafield tag="PKO" ind1="-" ind2="1">
            <subfield code="g">Deutschland</subfield>
            <subfield code="h">1949-1990, DDR</subfield>
            <subfield code="9">(DE-588)4011890-3</subfield>
          </datafield>
          <datafield tag="PKO" ind1="-" ind2="1">
            <subfield code="g">German Democratic Republic</subfield>
            <subfield code="9">(DE-588)4011890-3</subfield>
          </datafield>
          <datafield tag="PKO" ind1="-" ind2="1">
            <subfield code="g">GDR</subfield>
            <subfield code="9">(DE-588)4011890-3</subfield>
          </datafield>
          <datafield tag="PKO" ind1="-" ind2="1">
            <subfield code="g">République Démocratique Allemande</subfield>
            <subfield code="9">(DE-588)4011890-3</subfield>
          </datafield>
          <datafield tag="PKO" ind1="-" ind2="1">
            <subfield code="g">RDA</subfield>
            <subfield code="9">(DE-588)4011890-3</subfield>
          </datafield>
          <datafield tag="PKO" ind1="-" ind2="1">
            <subfield code="g">Germanskaja Demokratičeskaja Respublika</subfield>
            <subfield code="9">(DE-588)4011890-3</subfield>
          </datafield>
          <datafield tag="PKO" ind1="-" ind2="1">
            <subfield code="g">Demokratičeskaja Respublika</subfield>
            <subfield code="h">Deutschland, DDR</subfield>
            <subfield code="9">(DE-588)4011890-3</subfield>
          </datafield>
          <datafield tag="PKO" ind1="-" ind2="1">
            <subfield code="g">Democratic Republic</subfield>
            <subfield code="h">Deutschland, DDR</subfield>
            <subfield code="9">(DE-588)4011890-3</subfield>
          </datafield>
          <datafield tag="PKO" ind1="-" ind2="1">
            <subfield code="g">Demokratische Republik</subfield>
            <subfield code="h">Deutschland, DDR</subfield>
            <subfield code="9">(DE-588)4011890-3</subfield>
          </datafield>
          <datafield tag="PKO" ind1="-" ind2="1">
            <subfield code="g">Niemiecka Republika Demokratyczna</subfield>
            <subfield code="9">(DE-588)4011890-3</subfield>
          </datafield>
          <datafield tag="PKO" ind1="-" ind2="1">
            <subfield code="g">NRD</subfield>
            <subfield code="9">(DE-588)4011890-3</subfield>
          </datafield>
          <datafield tag="PKO" ind1="-" ind2="1">
            <subfield code="g">Ǧumhūrīyat Almāniyā ad-Dīmuqrāṭīya</subfield>
            <subfield code="9">(DE-588)4011890-3</subfield>
          </datafield>
          <datafield tag="PKO" ind1="-" ind2="1">
            <subfield code="g">República Democrática Alemana</subfield>
            <subfield code="9">(DE-588)4011890-3</subfield>
          </datafield>
          <datafield tag="PKO" ind1="-" ind2="1">
            <subfield code="g">Saksan Demokraattisen Tasavallan</subfield>
            <subfield code="9">(DE-588)4011890-3</subfield>
          </datafield>
          <datafield tag="PKO" ind1="-" ind2="1">
            <subfield code="g">Repubblica Democratica Tedesca</subfield>
            <subfield code="9">(DE-588)4011890-3</subfield>
          </datafield>
          <datafield tag="PKO" ind1="-" ind2="1">
            <subfield code="g">Bundesrepublik Deutschland</subfield>
            <subfield code="h">1949-1990</subfield>
            <subfield code="9">(DE-588)4011889-7</subfield>
          </datafield>
          <datafield tag="PKO" ind1="-" ind2="1">
            <subfield code="g">Westdeutschland</subfield>
            <subfield code="h">Bundesrepublik, 1949-1990</subfield>
            <subfield code="9">(DE-588)4011889-7</subfield>
          </datafield>
          <datafield tag="PKO" ind1="-" ind2="1">
            <subfield code="g">BRD</subfield>
            <subfield code="h">1949-1990</subfield>
            <subfield code="9">(DE-588)4011889-7</subfield>
          </datafield>
          <datafield tag="PKO" ind1="-" ind2="1">
            <subfield code="g">Deutschland</subfield>
            <subfield code="x">Bundesrepublik</subfield>
            <subfield code="h">1949-1990</subfield>
            <subfield code="9">(DE-588)4011889-7</subfield>
          </datafield>
          <datafield tag="PKO" ind1="-" ind2="1">
            <subfield code="g">República Federal de Alemania</subfield>
            <subfield code="h">Deutschland, Bundesrepublik</subfield>
            <subfield code="9">(DE-588)4011889-7</subfield>
          </datafield>
          <datafield tag="PKO" ind1="-" ind2="1">
            <subfield code="g">Alemania</subfield>
            <subfield code="h">Deutschland, Bundesrepublik</subfield>
            <subfield code="9">(DE-588)4011889-7</subfield>
          </datafield>
          <datafield tag="PKO" ind1="-" ind2="1">
            <subfield code="g">Allemagne</subfield>
            <subfield code="h">Deutschland, Bundesrepublik</subfield>
            <subfield code="9">(DE-588)4011889-7</subfield>
          </datafield>
          <datafield tag="PKO" ind1="-" ind2="1">
            <subfield code="g">Federal Republic of Germany</subfield>
            <subfield code="h">Deutschland, Bundesrepublik</subfield>
            <subfield code="9">(DE-588)4011889-7</subfield>
          </datafield>
          <datafield tag="PKO" ind1="-" ind2="1">
            <subfield code="g">FRG</subfield>
            <subfield code="9">(DE-588)4011889-7</subfield>
          </datafield>
          <datafield tag="PKO" ind1="-" ind2="1">
            <subfield code="g">Republic of Germany</subfield>
            <subfield code="h">Deutschland, Bundesrepublik</subfield>
            <subfield code="9">(DE-588)4011889-7</subfield>
          </datafield>
          <datafield tag="PKO" ind1="-" ind2="1">
            <subfield code="g">République Fédérale d'Allemagne</subfield>
            <subfield code="h">Deutschland, Bundesrepublik</subfield>
            <subfield code="9">(DE-588)4011889-7</subfield>
          </datafield>
          <datafield tag="PKO" ind1="-" ind2="1">
            <subfield code="g">Republik Federasi Djerman</subfield>
            <subfield code="h">Deutschland, Bundesrepublik</subfield>
            <subfield code="9">(DE-588)4011889-7</subfield>
          </datafield>
          <datafield tag="PKO" ind1="-" ind2="1">
            <subfield code="g">Republika Federalna Niemiec</subfield>
            <subfield code="h">Deutschland, Bundesrepublik</subfield>
            <subfield code="9">(DE-588)4011889-7</subfield>
          </datafield>
          <datafield tag="PKO" ind1="-" ind2="1">
            <subfield code="g">RFN</subfield>
            <subfield code="9">(DE-588)4011889-7</subfield>
          </datafield>
          <datafield tag="PKO" ind1="-" ind2="1">
            <subfield code="g">Niemiecka Republika Federalna Niemiecka Republika Federalna</subfield>
            <subfield code="9">(DE-588)4011889-7</subfield>
          </datafield>
          <datafield tag="PKO" ind1="-" ind2="1">
            <subfield code="g">NRF</subfield>
            <subfield code="9">(DE-588)4011889-7</subfield>
          </datafield>
          <datafield tag="PKO" ind1="-" ind2="1">
            <subfield code="g">Almanija</subfield>
            <subfield code="h">Deutschland, Bundesrepublik</subfield>
            <subfield code="9">(DE-588)4011889-7</subfield>
          </datafield>
          <datafield tag="PKO" ind1="-" ind2="1">
            <subfield code="g">Alemanha</subfield>
            <subfield code="h">Deutschland, Bundesrepublik</subfield>
            <subfield code="9">(DE-588)4011889-7</subfield>
          </datafield>
          <datafield tag="PKO" ind1="-" ind2="1">
            <subfield code="g">Repubblica Federale di Germania</subfield>
            <subfield code="h">Deutschland, Bundesrepublik</subfield>
            <subfield code="9">(DE-588)4011889-7</subfield>
          </datafield>
          <datafield tag="PKO" ind1="-" ind2="1">
            <subfield code="g">Saksan Liittotasavalta</subfield>
            <subfield code="h">Deutschland, Bundesrepublik</subfield>
            <subfield code="9">(DE-588)4011889-7</subfield>
          </datafield>
          <datafield tag="PKO" ind1="-" ind2="1">
            <subfield code="g">Germany</subfield>
            <subfield code="h">Deutschland, Bundesrepublik</subfield>
            <subfield code="9">(DE-588)4011889-7</subfield>
          </datafield>
          <datafield tag="PKO" ind1="-" ind2="1">
            <subfield code="g">Deutschland</subfield>
            <subfield code="h">1949-1990, Bundesrepublik</subfield>
            <subfield code="9">(DE-588)4011889-7</subfield>
          </datafield>
          <datafield tag="PKO" ind1="-" ind2="1">
            <subfield code="g">Förbundsrepublikken Tyskland</subfield>
            <subfield code="h">Deutschland, Bundesrepublik</subfield>
            <subfield code="9">(DE-588)4011889-7</subfield>
          </datafield>
          <datafield tag="PKO" ind1="-" ind2="1">
            <subfield code="g">República Federal da Alemanha</subfield>
            <subfield code="h">Deutschland, Bundesrepublik</subfield>
            <subfield code="9">(DE-588)4011889-7</subfield>
          </datafield>
          <datafield tag="PKO" ind1="-" ind2="1">
            <subfield code="g">Bondsrepubliek Duitsland</subfield>
            <subfield code="h">Deutschland, Bundesrepublik</subfield>
            <subfield code="9">(DE-588)4011889-7</subfield>
          </datafield>
          <datafield tag="PKO" ind1="-" ind2="1">
            <subfield code="g">Németországi Szövetségi Kőztársaság</subfield>
            <subfield code="h">Deutschland, Bundesrepublik</subfield>
            <subfield code="9">(DE-588)4011889-7</subfield>
          </datafield>
          <datafield tag="PKO" ind1="-" ind2="1">
            <subfield code="g">Almāniyā</subfield>
            <subfield code="h">Deutschland, Bundesrepublik</subfield>
            <subfield code="9">(DE-588)4011889-7</subfield>
          </datafield>
          <datafield tag="PKO" ind1="-" ind2="1">
            <subfield code="g">BRD</subfield>
            <subfield code="9">(DE-588)4011889-7</subfield>
          </datafield>
          <datafield tag="PKO" ind1="-" ind2="1">
            <subfield code="g">Bundesrepublik Deutschland</subfield>
            <subfield code="h">1949-1990</subfield>
            <subfield code="9">(DE-588)4011889-7</subfield>
          </datafield>
          <datafield tag="PKO" ind1="-" ind2="1">
            <subfield code="g">Westdeutschland</subfield>
            <subfield code="h">Bundesrepublik, 1949-1990</subfield>
            <subfield code="9">(DE-588)4011889-7</subfield>
          </datafield>
          <datafield tag="PKO" ind1="-" ind2="1">
            <subfield code="g">BRD</subfield>
            <subfield code="h">1949-1990</subfield>
            <subfield code="9">(DE-588)4011889-7</subfield>
          </datafield>
          <datafield tag="PKO" ind1="-" ind2="1">
            <subfield code="g">Deutschland</subfield>
            <subfield code="x">Bundesrepublik</subfield>
            <subfield code="h">1949-1990</subfield>
            <subfield code="9">(DE-588)4011889-7</subfield>
          </datafield>
          <datafield tag="PKO" ind1="-" ind2="1">
            <subfield code="g">República Federal de Alemania</subfield>
            <subfield code="h">Deutschland, Bundesrepublik</subfield>
            <subfield code="9">(DE-588)4011889-7</subfield>
          </datafield>
          <datafield tag="PKO" ind1="-" ind2="1">
            <subfield code="g">Alemania</subfield>
            <subfield code="h">Deutschland, Bundesrepublik</subfield>
            <subfield code="9">(DE-588)4011889-7</subfield>
          </datafield>
          <datafield tag="PKO" ind1="-" ind2="1">
            <subfield code="g">Allemagne</subfield>
            <subfield code="h">Deutschland, Bundesrepublik</subfield>
            <subfield code="9">(DE-588)4011889-7</subfield>
          </datafield>
          <datafield tag="PKO" ind1="-" ind2="1">
            <subfield code="g">Federal Republic of Germany</subfield>
            <subfield code="h">Deutschland, Bundesrepublik</subfield>
            <subfield code="9">(DE-588)4011889-7</subfield>
          </datafield>
          <datafield tag="PKO" ind1="-" ind2="1">
            <subfield code="g">FRG</subfield>
            <subfield code="9">(DE-588)4011889-7</subfield>
          </datafield>
          <datafield tag="PKO" ind1="-" ind2="1">
            <subfield code="g">Republic of Germany</subfield>
            <subfield code="h">Deutschland, Bundesrepublik</subfield>
            <subfield code="9">(DE-588)4011889-7</subfield>
          </datafield>
          <datafield tag="PKO" ind1="-" ind2="1">
            <subfield code="g">République Fédérale d'Allemagne</subfield>
            <subfield code="h">Deutschland, Bundesrepublik</subfield>
            <subfield code="9">(DE-588)4011889-7</subfield>
          </datafield>
          <datafield tag="PKO" ind1="-" ind2="1">
            <subfield code="g">Republik Federasi Djerman</subfield>
            <subfield code="h">Deutschland, Bundesrepublik</subfield>
            <subfield code="9">(DE-588)4011889-7</subfield>
          </datafield>
          <datafield tag="PKO" ind1="-" ind2="1">
            <subfield code="g">Republika Federalna Niemiec</subfield>
            <subfield code="h">Deutschland, Bundesrepublik</subfield>
            <subfield code="9">(DE-588)4011889-7</subfield>
          </datafield>
          <datafield tag="PKO" ind1="-" ind2="1">
            <subfield code="g">RFN</subfield>
            <subfield code="9">(DE-588)4011889-7</subfield>
          </datafield>
          <datafield tag="PKO" ind1="-" ind2="1">
            <subfield code="g">Niemiecka Republika Federalna Niemiecka Republika Federalna</subfield>
            <subfield code="9">(DE-588)4011889-7</subfield>
          </datafield>
          <datafield tag="PKO" ind1="-" ind2="1">
            <subfield code="g">NRF</subfield>
            <subfield code="9">(DE-588)4011889-7</subfield>
          </datafield>
          <datafield tag="PKO" ind1="-" ind2="1">
            <subfield code="g">Almanija</subfield>
            <subfield code="h">Deutschland, Bundesrepublik</subfield>
            <subfield code="9">(DE-588)4011889-7</subfield>
          </datafield>
          <datafield tag="PKO" ind1="-" ind2="1">
            <subfield code="g">Alemanha</subfield>
            <subfield code="h">Deutschland, Bundesrepublik</subfield>
            <subfield code="9">(DE-588)4011889-7</subfield>
          </datafield>
          <datafield tag="PKO" ind1="-" ind2="1">
            <subfield code="g">Repubblica Federale di Germania</subfield>
            <subfield code="h">Deutschland, Bundesrepublik</subfield>
            <subfield code="9">(DE-588)4011889-7</subfield>
          </datafield>
          <datafield tag="PKO" ind1="-" ind2="1">
            <subfield code="g">Saksan Liittotasavalta</subfield>
            <subfield code="h">Deutschland, Bundesrepublik</subfield>
            <subfield code="9">(DE-588)4011889-7</subfield>
          </datafield>
          <datafield tag="PKO" ind1="-" ind2="1">
            <subfield code="g">Germany</subfield>
            <subfield code="h">Deutschland, Bundesrepublik</subfield>
            <subfield code="9">(DE-588)4011889-7</subfield>
          </datafield>
          <datafield tag="PKO" ind1="-" ind2="1">
            <subfield code="g">Deutschland</subfield>
            <subfield code="h">1949-1990, Bundesrepublik</subfield>
            <subfield code="9">(DE-588)4011889-7</subfield>
          </datafield>
          <datafield tag="PKO" ind1="-" ind2="1">
            <subfield code="g">Förbundsrepublikken Tyskland</subfield>
            <subfield code="h">Deutschland, Bundesrepublik</subfield>
            <subfield code="9">(DE-588)4011889-7</subfield>
          </datafield>
          <datafield tag="PKO" ind1="-" ind2="1">
            <subfield code="g">República Federal da Alemanha</subfield>
            <subfield code="h">Deutschland, Bundesrepublik</subfield>
            <subfield code="9">(DE-588)4011889-7</subfield>
          </datafield>
          <datafield tag="PKO" ind1="-" ind2="1">
            <subfield code="g">Bondsrepubliek Duitsland</subfield>
            <subfield code="h">Deutschland, Bundesrepublik</subfield>
            <subfield code="9">(DE-588)4011889-7</subfield>
          </datafield>
          <datafield tag="PKO" ind1="-" ind2="1">
            <subfield code="g">Németországi Szövetségi Kőztársaság</subfield>
            <subfield code="h">Deutschland, Bundesrepublik</subfield>
            <subfield code="9">(DE-588)4011889-7</subfield>
          </datafield>
          <datafield tag="PKO" ind1="-" ind2="1">
            <subfield code="g">Almāniyā</subfield>
            <subfield code="h">Deutschland, Bundesrepublik</subfield>
            <subfield code="9">(DE-588)4011889-7</subfield>
          </datafield>
          <datafield tag="PKO" ind1="-" ind2="1">
            <subfield code="g">BRD</subfield>
            <subfield code="9">(DE-588)4011889-7</subfield>
          </datafield>
          <datafield tag="PKO" ind1="-" ind2="1">
            <subfield code="g">Bundesrepublik Deutschland</subfield>
            <subfield code="h">1949-1990</subfield>
            <subfield code="9">(DE-588)4011889-7</subfield>
          </datafield>
          <datafield tag="PKO" ind1="-" ind2="1">
            <subfield code="g">Westdeutschland</subfield>
            <subfield code="h">Bundesrepublik, 1949-1990</subfield>
            <subfield code="9">(DE-588)4011889-7</subfield>
          </datafield>
          <datafield tag="PKO" ind1="-" ind2="1">
            <subfield code="g">BRD</subfield>
            <subfield code="h">1949-1990</subfield>
            <subfield code="9">(DE-588)4011889-7</subfield>
          </datafield>
          <datafield tag="PKO" ind1="-" ind2="1">
            <subfield code="g">Deutschland</subfield>
            <subfield code="x">Bundesrepublik</subfield>
            <subfield code="h">1949-1990</subfield>
            <subfield code="9">(DE-588)4011889-7</subfield>
          </datafield>
          <datafield tag="PKO" ind1="-" ind2="1">
            <subfield code="g">República Federal de Alemania</subfield>
            <subfield code="h">Deutschland, Bundesrepublik</subfield>
            <subfield code="9">(DE-588)4011889-7</subfield>
          </datafield>
          <datafield tag="PKO" ind1="-" ind2="1">
            <subfield code="g">Alemania</subfield>
            <subfield code="h">Deutschland, Bundesrepublik</subfield>
            <subfield code="9">(DE-588)4011889-7</subfield>
          </datafield>
          <datafield tag="PKO" ind1="-" ind2="1">
            <subfield code="g">Allemagne</subfield>
            <subfield code="h">Deutschland, Bundesrepublik</subfield>
            <subfield code="9">(DE-588)4011889-7</subfield>
          </datafield>
          <datafield tag="PKO" ind1="-" ind2="1">
            <subfield code="g">Federal Republic of Germany</subfield>
            <subfield code="h">Deutschland, Bundesrepublik</subfield>
            <subfield code="9">(DE-588)4011889-7</subfield>
          </datafield>
          <datafield tag="PKO" ind1="-" ind2="1">
            <subfield code="g">FRG</subfield>
            <subfield code="9">(DE-588)4011889-7</subfield>
          </datafield>
          <datafield tag="PKO" ind1="-" ind2="1">
            <subfield code="g">Republic of Germany</subfield>
            <subfield code="h">Deutschland, Bundesrepublik</subfield>
            <subfield code="9">(DE-588)4011889-7</subfield>
          </datafield>
          <datafield tag="PKO" ind1="-" ind2="1">
            <subfield code="g">République Fédérale d'Allemagne</subfield>
            <subfield code="h">Deutschland, Bundesrepublik</subfield>
            <subfield code="9">(DE-588)4011889-7</subfield>
          </datafield>
          <datafield tag="PKO" ind1="-" ind2="1">
            <subfield code="g">Republik Federasi Djerman</subfield>
            <subfield code="h">Deutschland, Bundesrepublik</subfield>
            <subfield code="9">(DE-588)4011889-7</subfield>
          </datafield>
          <datafield tag="PKO" ind1="-" ind2="1">
            <subfield code="g">Republika Federalna Niemiec</subfield>
            <subfield code="h">Deutschland, Bundesrepublik</subfield>
            <subfield code="9">(DE-588)4011889-7</subfield>
          </datafield>
          <datafield tag="PKO" ind1="-" ind2="1">
            <subfield code="g">RFN</subfield>
            <subfield code="9">(DE-588)4011889-7</subfield>
          </datafield>
          <datafield tag="PKO" ind1="-" ind2="1">
            <subfield code="g">Niemiecka Republika Federalna Niemiecka Republika Federalna</subfield>
            <subfield code="9">(DE-588)4011889-7</subfield>
          </datafield>
          <datafield tag="PKO" ind1="-" ind2="1">
            <subfield code="g">NRF</subfield>
            <subfield code="9">(DE-588)4011889-7</subfield>
          </datafield>
          <datafield tag="PKO" ind1="-" ind2="1">
            <subfield code="g">Almanija</subfield>
            <subfield code="h">Deutschland, Bundesrepublik</subfield>
            <subfield code="9">(DE-588)4011889-7</subfield>
          </datafield>
          <datafield tag="PKO" ind1="-" ind2="1">
            <subfield code="g">Alemanha</subfield>
            <subfield code="h">Deutschland, Bundesrepublik</subfield>
            <subfield code="9">(DE-588)4011889-7</subfield>
          </datafield>
          <datafield tag="PKO" ind1="-" ind2="1">
            <subfield code="g">Repubblica Federale di Germania</subfield>
            <subfield code="h">Deutschland, Bundesrepublik</subfield>
            <subfield code="9">(DE-588)4011889-7</subfield>
          </datafield>
          <datafield tag="PKO" ind1="-" ind2="1">
            <subfield code="g">Saksan Liittotasavalta</subfield>
            <subfield code="h">Deutschland, Bundesrepublik</subfield>
            <subfield code="9">(DE-588)4011889-7</subfield>
          </datafield>
          <datafield tag="PKO" ind1="-" ind2="1">
            <subfield code="g">Germany</subfield>
            <subfield code="h">Deutschland, Bundesrepublik</subfield>
            <subfield code="9">(DE-588)4011889-7</subfield>
          </datafield>
          <datafield tag="PKO" ind1="-" ind2="1">
            <subfield code="g">Deutschland</subfield>
            <subfield code="h">1949-1990, Bundesrepublik</subfield>
            <subfield code="9">(DE-588)4011889-7</subfield>
          </datafield>
          <datafield tag="PKO" ind1="-" ind2="1">
            <subfield code="g">Förbundsrepublikken Tyskland</subfield>
            <subfield code="h">Deutschland, Bundesrepublik</subfield>
            <subfield code="9">(DE-588)4011889-7</subfield>
          </datafield>
          <datafield tag="PKO" ind1="-" ind2="1">
            <subfield code="g">República Federal da Alemanha</subfield>
            <subfield code="h">Deutschland, Bundesrepublik</subfield>
            <subfield code="9">(DE-588)4011889-7</subfield>
          </datafield>
          <datafield tag="PKO" ind1="-" ind2="1">
            <subfield code="g">Bondsrepubliek Duitsland</subfield>
            <subfield code="h">Deutschland, Bundesrepublik</subfield>
            <subfield code="9">(DE-588)4011889-7</subfield>
          </datafield>
          <datafield tag="PKO" ind1="-" ind2="1">
            <subfield code="g">Németországi Szövetségi Kőztársaság</subfield>
            <subfield code="h">Deutschland, Bundesrepublik</subfield>
            <subfield code="9">(DE-588)4011889-7</subfield>
          </datafield>
          <datafield tag="PKO" ind1="-" ind2="1">
            <subfield code="g">Almāniyā</subfield>
            <subfield code="h">Deutschland, Bundesrepublik</subfield>
            <subfield code="9">(DE-588)4011889-7</subfield>
          </datafield>
          <datafield tag="PKO" ind1="-" ind2="1">
            <subfield code="g">BRD</subfield>
            <subfield code="9">(DE-588)4011889-7</subfield>
          </datafield>
          <datafield tag="PKO" ind1="-" ind2="1">
            <subfield code="g">Bundesrepublik Deutschland</subfield>
            <subfield code="h">1949-1990</subfield>
            <subfield code="9">(DE-588)4011889-7</subfield>
          </datafield>
          <datafield tag="PKO" ind1="-" ind2="1">
            <subfield code="g">Westdeutschland</subfield>
            <subfield code="h">Bundesrepublik, 1949-1990</subfield>
            <subfield code="9">(DE-588)4011889-7</subfield>
          </datafield>
          <datafield tag="PKO" ind1="-" ind2="1">
            <subfield code="g">BRD</subfield>
            <subfield code="h">1949-1990</subfield>
            <subfield code="9">(DE-588)4011889-7</subfield>
          </datafield>
          <datafield tag="PKO" ind1="-" ind2="1">
            <subfield code="g">Deutschland</subfield>
            <subfield code="x">Bundesrepublik</subfield>
            <subfield code="h">1949-1990</subfield>
            <subfield code="9">(DE-588)4011889-7</subfield>
          </datafield>
          <datafield tag="PKO" ind1="-" ind2="1">
            <subfield code="g">República Federal de Alemania</subfield>
            <subfield code="h">Deutschland, Bundesrepublik</subfield>
            <subfield code="9">(DE-588)4011889-7</subfield>
          </datafield>
          <datafield tag="PKO" ind1="-" ind2="1">
            <subfield code="g">Alemania</subfield>
            <subfield code="h">Deutschland, Bundesrepublik</subfield>
            <subfield code="9">(DE-588)4011889-7</subfield>
          </datafield>
          <datafield tag="PKO" ind1="-" ind2="1">
            <subfield code="g">Allemagne</subfield>
            <subfield code="h">Deutschland, Bundesrepublik</subfield>
            <subfield code="9">(DE-588)4011889-7</subfield>
          </datafield>
          <datafield tag="PKO" ind1="-" ind2="1">
            <subfield code="g">Federal Republic of Germany</subfield>
            <subfield code="h">Deutschland, Bundesrepublik</subfield>
            <subfield code="9">(DE-588)4011889-7</subfield>
          </datafield>
          <datafield tag="PKO" ind1="-" ind2="1">
            <subfield code="g">FRG</subfield>
            <subfield code="9">(DE-588)4011889-7</subfield>
          </datafield>
          <datafield tag="PKO" ind1="-" ind2="1">
            <subfield code="g">Republic of Germany</subfield>
            <subfield code="h">Deutschland, Bundesrepublik</subfield>
            <subfield code="9">(DE-588)4011889-7</subfield>
          </datafield>
          <datafield tag="PKO" ind1="-" ind2="1">
            <subfield code="g">République Fédérale d'Allemagne</subfield>
            <subfield code="h">Deutschland, Bundesrepublik</subfield>
            <subfield code="9">(DE-588)4011889-7</subfield>
          </datafield>
          <datafield tag="PKO" ind1="-" ind2="1">
            <subfield code="g">Republik Federasi Djerman</subfield>
            <subfield code="h">Deutschland, Bundesrepublik</subfield>
            <subfield code="9">(DE-588)4011889-7</subfield>
          </datafield>
          <datafield tag="PKO" ind1="-" ind2="1">
            <subfield code="g">Republika Federalna Niemiec</subfield>
            <subfield code="h">Deutschland, Bundesrepublik</subfield>
            <subfield code="9">(DE-588)4011889-7</subfield>
          </datafield>
          <datafield tag="PKO" ind1="-" ind2="1">
            <subfield code="g">RFN</subfield>
            <subfield code="9">(DE-588)4011889-7</subfield>
          </datafield>
          <datafield tag="PKO" ind1="-" ind2="1">
            <subfield code="g">Niemiecka Republika Federalna Niemiecka Republika Federalna</subfield>
            <subfield code="9">(DE-588)4011889-7</subfield>
          </datafield>
          <datafield tag="PKO" ind1="-" ind2="1">
            <subfield code="g">NRF</subfield>
            <subfield code="9">(DE-588)4011889-7</subfield>
          </datafield>
          <datafield tag="PKO" ind1="-" ind2="1">
            <subfield code="g">Almanija</subfield>
            <subfield code="h">Deutschland, Bundesrepublik</subfield>
            <subfield code="9">(DE-588)4011889-7</subfield>
          </datafield>
          <datafield tag="PKO" ind1="-" ind2="1">
            <subfield code="g">Alemanha</subfield>
            <subfield code="h">Deutschland, Bundesrepublik</subfield>
            <subfield code="9">(DE-588)4011889-7</subfield>
          </datafield>
          <datafield tag="PKO" ind1="-" ind2="1">
            <subfield code="g">Repubblica Federale di Germania</subfield>
            <subfield code="h">Deutschland, Bundesrepublik</subfield>
            <subfield code="9">(DE-588)4011889-7</subfield>
          </datafield>
          <datafield tag="PKO" ind1="-" ind2="1">
            <subfield code="g">Saksan Liittotasavalta</subfield>
            <subfield code="h">Deutschland, Bundesrepublik</subfield>
            <subfield code="9">(DE-588)4011889-7</subfield>
          </datafield>
          <datafield tag="PKO" ind1="-" ind2="1">
            <subfield code="g">Germany</subfield>
            <subfield code="h">Deutschland, Bundesrepublik</subfield>
            <subfield code="9">(DE-588)4011889-7</subfield>
          </datafield>
          <datafield tag="PKO" ind1="-" ind2="1">
            <subfield code="g">Deutschland</subfield>
            <subfield code="h">1949-1990, Bundesrepublik</subfield>
            <subfield code="9">(DE-588)4011889-7</subfield>
          </datafield>
          <datafield tag="PKO" ind1="-" ind2="1">
            <subfield code="g">Förbundsrepublikken Tyskland</subfield>
            <subfield code="h">Deutschland, Bundesrepublik</subfield>
            <subfield code="9">(DE-588)4011889-7</subfield>
          </datafield>
          <datafield tag="PKO" ind1="-" ind2="1">
            <subfield code="g">República Federal da Alemanha</subfield>
            <subfield code="h">Deutschland, Bundesrepublik</subfield>
            <subfield code="9">(DE-588)4011889-7</subfield>
          </datafield>
          <datafield tag="PKO" ind1="-" ind2="1">
            <subfield code="g">Bondsrepubliek Duitsland</subfield>
            <subfield code="h">Deutschland, Bundesrepublik</subfield>
            <subfield code="9">(DE-588)4011889-7</subfield>
          </datafield>
          <datafield tag="PKO" ind1="-" ind2="1">
            <subfield code="g">Németországi Szövetségi Kőztársaság</subfield>
            <subfield code="h">Deutschland, Bundesrepublik</subfield>
            <subfield code="9">(DE-588)4011889-7</subfield>
          </datafield>
          <datafield tag="PKO" ind1="-" ind2="1">
            <subfield code="g">Almāniyā</subfield>
            <subfield code="h">Deutschland, Bundesrepublik</subfield>
            <subfield code="9">(DE-588)4011889-7</subfield>
          </datafield>
          <datafield tag="PKO" ind1="-" ind2="1">
            <subfield code="g">BRD</subfield>
            <subfield code="9">(DE-588)4011889-7</subfield>
          </datafield>
          <datafield tag="PKO" ind1="-" ind2="1">
            <subfield code="g">Bundesrepublik Deutschland</subfield>
            <subfield code="h">1949-1990</subfield>
            <subfield code="9">(DE-588)4011889-7</subfield>
          </datafield>
          <datafield tag="PKO" ind1="-" ind2="1">
            <subfield code="g">Westdeutschland</subfield>
            <subfield code="h">Bundesrepublik, 1949-1990</subfield>
            <subfield code="9">(DE-588)4011889-7</subfield>
          </datafield>
          <datafield tag="PKO" ind1="-" ind2="1">
            <subfield code="g">BRD</subfield>
            <subfield code="h">1949-1990</subfield>
            <subfield code="9">(DE-588)4011889-7</subfield>
          </datafield>
          <datafield tag="PKO" ind1="-" ind2="1">
            <subfield code="g">Deutschland</subfield>
            <subfield code="x">Bundesrepublik</subfield>
            <subfield code="h">1949-1990</subfield>
            <subfield code="9">(DE-588)4011889-7</subfield>
          </datafield>
          <datafield tag="PKO" ind1="-" ind2="1">
            <subfield code="g">República Federal de Alemania</subfield>
            <subfield code="h">Deutschland, Bundesrepublik</subfield>
            <subfield code="9">(DE-588)4011889-7</subfield>
          </datafield>
          <datafield tag="PKO" ind1="-" ind2="1">
            <subfield code="g">Alemania</subfield>
            <subfield code="h">Deutschland, Bundesrepublik</subfield>
            <subfield code="9">(DE-588)4011889-7</subfield>
          </datafield>
          <datafield tag="PKO" ind1="-" ind2="1">
            <subfield code="g">Allemagne</subfield>
            <subfield code="h">Deutschland, Bundesrepublik</subfield>
            <subfield code="9">(DE-588)4011889-7</subfield>
          </datafield>
          <datafield tag="PKO" ind1="-" ind2="1">
            <subfield code="g">Federal Republic of Germany</subfield>
            <subfield code="h">Deutschland, Bundesrepublik</subfield>
            <subfield code="9">(DE-588)4011889-7</subfield>
          </datafield>
          <datafield tag="PKO" ind1="-" ind2="1">
            <subfield code="g">FRG</subfield>
            <subfield code="9">(DE-588)4011889-7</subfield>
          </datafield>
          <datafield tag="PKO" ind1="-" ind2="1">
            <subfield code="g">Republic of Germany</subfield>
            <subfield code="h">Deutschland, Bundesrepublik</subfield>
            <subfield code="9">(DE-588)4011889-7</subfield>
          </datafield>
          <datafield tag="PKO" ind1="-" ind2="1">
            <subfield code="g">République Fédérale d'Allemagne</subfield>
            <subfield code="h">Deutschland, Bundesrepublik</subfield>
            <subfield code="9">(DE-588)4011889-7</subfield>
          </datafield>
          <datafield tag="PKO" ind1="-" ind2="1">
            <subfield code="g">Republik Federasi Djerman</subfield>
            <subfield code="h">Deutschland, Bundesrepublik</subfield>
            <subfield code="9">(DE-588)4011889-7</subfield>
          </datafield>
          <datafield tag="PKO" ind1="-" ind2="1">
            <subfield code="g">Republika Federalna Niemiec</subfield>
            <subfield code="h">Deutschland, Bundesrepublik</subfield>
            <subfield code="9">(DE-588)4011889-7</subfield>
          </datafield>
          <datafield tag="PKO" ind1="-" ind2="1">
            <subfield code="g">RFN</subfield>
            <subfield code="9">(DE-588)4011889-7</subfield>
          </datafield>
          <datafield tag="PKO" ind1="-" ind2="1">
            <subfield code="g">Niemiecka Republika Federalna Niemiecka Republika Federalna</subfield>
            <subfield code="9">(DE-588)4011889-7</subfield>
          </datafield>
          <datafield tag="PKO" ind1="-" ind2="1">
            <subfield code="g">NRF</subfield>
            <subfield code="9">(DE-588)4011889-7</subfield>
          </datafield>
          <datafield tag="PKO" ind1="-" ind2="1">
            <subfield code="g">Almanija</subfield>
            <subfield code="h">Deutschland, Bundesrepublik</subfield>
            <subfield code="9">(DE-588)4011889-7</subfield>
          </datafield>
          <datafield tag="PKO" ind1="-" ind2="1">
            <subfield code="g">Alemanha</subfield>
            <subfield code="h">Deutschland, Bundesrepublik</subfield>
            <subfield code="9">(DE-588)4011889-7</subfield>
          </datafield>
          <datafield tag="PKO" ind1="-" ind2="1">
            <subfield code="g">Repubblica Federale di Germania</subfield>
            <subfield code="h">Deutschland, Bundesrepublik</subfield>
            <subfield code="9">(DE-588)4011889-7</subfield>
          </datafield>
          <datafield tag="PKO" ind1="-" ind2="1">
            <subfield code="g">Saksan Liittotasavalta</subfield>
            <subfield code="h">Deutschland, Bundesrepublik</subfield>
            <subfield code="9">(DE-588)4011889-7</subfield>
          </datafield>
          <datafield tag="PKO" ind1="-" ind2="1">
            <subfield code="g">Germany</subfield>
            <subfield code="h">Deutschland, Bundesrepublik</subfield>
            <subfield code="9">(DE-588)4011889-7</subfield>
          </datafield>
          <datafield tag="PKO" ind1="-" ind2="1">
            <subfield code="g">Deutschland</subfield>
            <subfield code="h">1949-1990, Bundesrepublik</subfield>
            <subfield code="9">(DE-588)4011889-7</subfield>
          </datafield>
          <datafield tag="PKO" ind1="-" ind2="1">
            <subfield code="g">Förbundsrepublikken Tyskland</subfield>
            <subfield code="h">Deutschland, Bundesrepublik</subfield>
            <subfield code="9">(DE-588)4011889-7</subfield>
          </datafield>
          <datafield tag="PKO" ind1="-" ind2="1">
            <subfield code="g">República Federal da Alemanha</subfield>
            <subfield code="h">Deutschland, Bundesrepublik</subfield>
            <subfield code="9">(DE-588)4011889-7</subfield>
          </datafield>
          <datafield tag="PKO" ind1="-" ind2="1">
            <subfield code="g">Bondsrepubliek Duitsland</subfield>
            <subfield code="h">Deutschland, Bundesrepublik</subfield>
            <subfield code="9">(DE-588)4011889-7</subfield>
          </datafield>
          <datafield tag="PKO" ind1="-" ind2="1">
            <subfield code="g">Németországi Szövetségi Kőztársaság</subfield>
            <subfield code="h">Deutschland, Bundesrepublik</subfield>
            <subfield code="9">(DE-588)4011889-7</subfield>
          </datafield>
          <datafield tag="PKO" ind1="-" ind2="1">
            <subfield code="g">Almāniyā</subfield>
            <subfield code="h">Deutschland, Bundesrepublik</subfield>
            <subfield code="9">(DE-588)4011889-7</subfield>
          </datafield>
          <datafield tag="PKO" ind1="-" ind2="1">
            <subfield code="g">BRD</subfield>
            <subfield code="9">(DE-588)4011889-7</subfield>
          </datafield>
          <datafield tag="PKO" ind1="-" ind2="1">
            <subfield code="g">Bundesrepublik Deutschland</subfield>
            <subfield code="h">1949-1990</subfield>
            <subfield code="9">(DE-588)4011889-7</subfield>
          </datafield>
          <datafield tag="PKO" ind1="-" ind2="1">
            <subfield code="g">Westdeutschland</subfield>
            <subfield code="h">Bundesrepublik, 1949-1990</subfield>
            <subfield code="9">(DE-588)4011889-7</subfield>
          </datafield>
          <datafield tag="PKO" ind1="-" ind2="1">
            <subfield code="g">BRD</subfield>
            <subfield code="h">1949-1990</subfield>
            <subfield code="9">(DE-588)4011889-7</subfield>
          </datafield>
          <datafield tag="PKO" ind1="-" ind2="1">
            <subfield code="g">Deutschland</subfield>
            <subfield code="x">Bundesrepublik</subfield>
            <subfield code="h">1949-1990</subfield>
            <subfield code="9">(DE-588)4011889-7</subfield>
          </datafield>
          <datafield tag="PKO" ind1="-" ind2="1">
            <subfield code="g">República Federal de Alemania</subfield>
            <subfield code="h">Deutschland, Bundesrepublik</subfield>
            <subfield code="9">(DE-588)4011889-7</subfield>
          </datafield>
          <datafield tag="PKO" ind1="-" ind2="1">
            <subfield code="g">Alemania</subfield>
            <subfield code="h">Deutschland, Bundesrepublik</subfield>
            <subfield code="9">(DE-588)4011889-7</subfield>
          </datafield>
          <datafield tag="PKO" ind1="-" ind2="1">
            <subfield code="g">Allemagne</subfield>
            <subfield code="h">Deutschland, Bundesrepublik</subfield>
            <subfield code="9">(DE-588)4011889-7</subfield>
          </datafield>
          <datafield tag="PKO" ind1="-" ind2="1">
            <subfield code="g">Federal Republic of Germany</subfield>
            <subfield code="h">Deutschland, Bundesrepublik</subfield>
            <subfield code="9">(DE-588)4011889-7</subfield>
          </datafield>
          <datafield tag="PKO" ind1="-" ind2="1">
            <subfield code="g">FRG</subfield>
            <subfield code="9">(DE-588)4011889-7</subfield>
          </datafield>
          <datafield tag="PKO" ind1="-" ind2="1">
            <subfield code="g">Republic of Germany</subfield>
            <subfield code="h">Deutschland, Bundesrepublik</subfield>
            <subfield code="9">(DE-588)4011889-7</subfield>
          </datafield>
          <datafield tag="PKO" ind1="-" ind2="1">
            <subfield code="g">République Fédérale d'Allemagne</subfield>
            <subfield code="h">Deutschland, Bundesrepublik</subfield>
            <subfield code="9">(DE-588)4011889-7</subfield>
          </datafield>
          <datafield tag="PKO" ind1="-" ind2="1">
            <subfield code="g">Republik Federasi Djerman</subfield>
            <subfield code="h">Deutschland, Bundesrepublik</subfield>
            <subfield code="9">(DE-588)4011889-7</subfield>
          </datafield>
          <datafield tag="PKO" ind1="-" ind2="1">
            <subfield code="g">Republika Federalna Niemiec</subfield>
            <subfield code="h">Deutschland, Bundesrepublik</subfield>
            <subfield code="9">(DE-588)4011889-7</subfield>
          </datafield>
          <datafield tag="PKO" ind1="-" ind2="1">
            <subfield code="g">RFN</subfield>
            <subfield code="9">(DE-588)4011889-7</subfield>
          </datafield>
          <datafield tag="PKO" ind1="-" ind2="1">
            <subfield code="g">Niemiecka Republika Federalna Niemiecka Republika Federalna</subfield>
            <subfield code="9">(DE-588)4011889-7</subfield>
          </datafield>
          <datafield tag="PKO" ind1="-" ind2="1">
            <subfield code="g">NRF</subfield>
            <subfield code="9">(DE-588)4011889-7</subfield>
          </datafield>
          <datafield tag="PKO" ind1="-" ind2="1">
            <subfield code="g">Almanija</subfield>
            <subfield code="h">Deutschland, Bundesrepublik</subfield>
            <subfield code="9">(DE-588)4011889-7</subfield>
          </datafield>
          <datafield tag="PKO" ind1="-" ind2="1">
            <subfield code="g">Alemanha</subfield>
            <subfield code="h">Deutschland, Bundesrepublik</subfield>
            <subfield code="9">(DE-588)4011889-7</subfield>
          </datafield>
          <datafield tag="PKO" ind1="-" ind2="1">
            <subfield code="g">Repubblica Federale di Germania</subfield>
            <subfield code="h">Deutschland, Bundesrepublik</subfield>
            <subfield code="9">(DE-588)4011889-7</subfield>
          </datafield>
          <datafield tag="PKO" ind1="-" ind2="1">
            <subfield code="g">Saksan Liittotasavalta</subfield>
            <subfield code="h">Deutschland, Bundesrepublik</subfield>
            <subfield code="9">(DE-588)4011889-7</subfield>
          </datafield>
          <datafield tag="PKO" ind1="-" ind2="1">
            <subfield code="g">Germany</subfield>
            <subfield code="h">Deutschland, Bundesrepublik</subfield>
            <subfield code="9">(DE-588)4011889-7</subfield>
          </datafield>
          <datafield tag="PKO" ind1="-" ind2="1">
            <subfield code="g">Deutschland</subfield>
            <subfield code="h">1949-1990, Bundesrepublik</subfield>
            <subfield code="9">(DE-588)4011889-7</subfield>
          </datafield>
          <datafield tag="PKO" ind1="-" ind2="1">
            <subfield code="g">Förbundsrepublikken Tyskland</subfield>
            <subfield code="h">Deutschland, Bundesrepublik</subfield>
            <subfield code="9">(DE-588)4011889-7</subfield>
          </datafield>
          <datafield tag="PKO" ind1="-" ind2="1">
            <subfield code="g">República Federal da Alemanha</subfield>
            <subfield code="h">Deutschland, Bundesrepublik</subfield>
            <subfield code="9">(DE-588)4011889-7</subfield>
          </datafield>
          <datafield tag="PKO" ind1="-" ind2="1">
            <subfield code="g">Bondsrepubliek Duitsland</subfield>
            <subfield code="h">Deutschland, Bundesrepublik</subfield>
            <subfield code="9">(DE-588)4011889-7</subfield>
          </datafield>
          <datafield tag="PKO" ind1="-" ind2="1">
            <subfield code="g">Németországi Szövetségi Kőztársaság</subfield>
            <subfield code="h">Deutschland, Bundesrepublik</subfield>
            <subfield code="9">(DE-588)4011889-7</subfield>
          </datafield>
          <datafield tag="PKO" ind1="-" ind2="1">
            <subfield code="g">Almāniyā</subfield>
            <subfield code="h">Deutschland, Bundesrepublik</subfield>
            <subfield code="9">(DE-588)4011889-7</subfield>
          </datafield>
          <datafield tag="PKO" ind1="-" ind2="1">
            <subfield code="g">BRD</subfield>
            <subfield code="9">(DE-588)4011889-7</subfield>
          </datafield>
          <datafield tag="PKO" ind1="-" ind2="1">
            <subfield code="g">Bundesrepublik Deutschland</subfield>
            <subfield code="h">1949-1990</subfield>
            <subfield code="9">(DE-588)4011889-7</subfield>
          </datafield>
          <datafield tag="PKO" ind1="-" ind2="1">
            <subfield code="g">Westdeutschland</subfield>
            <subfield code="h">Bundesrepublik, 1949-1990</subfield>
            <subfield code="9">(DE-588)4011889-7</subfield>
          </datafield>
          <datafield tag="PKO" ind1="-" ind2="1">
            <subfield code="g">BRD</subfield>
            <subfield code="h">1949-1990</subfield>
            <subfield code="9">(DE-588)4011889-7</subfield>
          </datafield>
          <datafield tag="PKO" ind1="-" ind2="1">
            <subfield code="g">Deutschland</subfield>
            <subfield code="x">Bundesrepublik</subfield>
            <subfield code="h">1949-1990</subfield>
            <subfield code="9">(DE-588)4011889-7</subfield>
          </datafield>
          <datafield tag="PKO" ind1="-" ind2="1">
            <subfield code="g">República Federal de Alemania</subfield>
            <subfield code="h">Deutschland, Bundesrepublik</subfield>
            <subfield code="9">(DE-588)4011889-7</subfield>
          </datafield>
          <datafield tag="PKO" ind1="-" ind2="1">
            <subfield code="g">Alemania</subfield>
            <subfield code="h">Deutschland, Bundesrepublik</subfield>
            <subfield code="9">(DE-588)4011889-7</subfield>
          </datafield>
          <datafield tag="PKO" ind1="-" ind2="1">
            <subfield code="g">Allemagne</subfield>
            <subfield code="h">Deutschland, Bundesrepublik</subfield>
            <subfield code="9">(DE-588)4011889-7</subfield>
          </datafield>
          <datafield tag="PKO" ind1="-" ind2="1">
            <subfield code="g">Federal Republic of Germany</subfield>
            <subfield code="h">Deutschland, Bundesrepublik</subfield>
            <subfield code="9">(DE-588)4011889-7</subfield>
          </datafield>
          <datafield tag="PKO" ind1="-" ind2="1">
            <subfield code="g">FRG</subfield>
            <subfield code="9">(DE-588)4011889-7</subfield>
          </datafield>
          <datafield tag="PKO" ind1="-" ind2="1">
            <subfield code="g">Republic of Germany</subfield>
            <subfield code="h">Deutschland, Bundesrepublik</subfield>
            <subfield code="9">(DE-588)4011889-7</subfield>
          </datafield>
          <datafield tag="PKO" ind1="-" ind2="1">
            <subfield code="g">République Fédérale d'Allemagne</subfield>
            <subfield code="h">Deutschland, Bundesrepublik</subfield>
            <subfield code="9">(DE-588)4011889-7</subfield>
          </datafield>
          <datafield tag="PKO" ind1="-" ind2="1">
            <subfield code="g">Republik Federasi Djerman</subfield>
            <subfield code="h">Deutschland, Bundesrepublik</subfield>
            <subfield code="9">(DE-588)4011889-7</subfield>
          </datafield>
          <datafield tag="PKO" ind1="-" ind2="1">
            <subfield code="g">Republika Federalna Niemiec</subfield>
            <subfield code="h">Deutschland, Bundesrepublik</subfield>
            <subfield code="9">(DE-588)4011889-7</subfield>
          </datafield>
          <datafield tag="PKO" ind1="-" ind2="1">
            <subfield code="g">RFN</subfield>
            <subfield code="9">(DE-588)4011889-7</subfield>
          </datafield>
          <datafield tag="PKO" ind1="-" ind2="1">
            <subfield code="g">Niemiecka Republika Federalna Niemiecka Republika Federalna</subfield>
            <subfield code="9">(DE-588)4011889-7</subfield>
          </datafield>
          <datafield tag="PKO" ind1="-" ind2="1">
            <subfield code="g">NRF</subfield>
            <subfield code="9">(DE-588)4011889-7</subfield>
          </datafield>
          <datafield tag="PKO" ind1="-" ind2="1">
            <subfield code="g">Almanija</subfield>
            <subfield code="h">Deutschland, Bundesrepublik</subfield>
            <subfield code="9">(DE-588)4011889-7</subfield>
          </datafield>
          <datafield tag="PKO" ind1="-" ind2="1">
            <subfield code="g">Alemanha</subfield>
            <subfield code="h">Deutschland, Bundesrepublik</subfield>
            <subfield code="9">(DE-588)4011889-7</subfield>
          </datafield>
          <datafield tag="PKO" ind1="-" ind2="1">
            <subfield code="g">Repubblica Federale di Germania</subfield>
            <subfield code="h">Deutschland, Bundesrepublik</subfield>
            <subfield code="9">(DE-588)4011889-7</subfield>
          </datafield>
          <datafield tag="PKO" ind1="-" ind2="1">
            <subfield code="g">Saksan Liittotasavalta</subfield>
            <subfield code="h">Deutschland, Bundesrepublik</subfield>
            <subfield code="9">(DE-588)4011889-7</subfield>
          </datafield>
          <datafield tag="PKO" ind1="-" ind2="1">
            <subfield code="g">Germany</subfield>
            <subfield code="h">Deutschland, Bundesrepublik</subfield>
            <subfield code="9">(DE-588)4011889-7</subfield>
          </datafield>
          <datafield tag="PKO" ind1="-" ind2="1">
            <subfield code="g">Deutschland</subfield>
            <subfield code="h">1949-1990, Bundesrepublik</subfield>
            <subfield code="9">(DE-588)4011889-7</subfield>
          </datafield>
          <datafield tag="PKO" ind1="-" ind2="1">
            <subfield code="g">Förbundsrepublikken Tyskland</subfield>
            <subfield code="h">Deutschland, Bundesrepublik</subfield>
            <subfield code="9">(DE-588)4011889-7</subfield>
          </datafield>
          <datafield tag="PKO" ind1="-" ind2="1">
            <subfield code="g">República Federal da Alemanha</subfield>
            <subfield code="h">Deutschland, Bundesrepublik</subfield>
            <subfield code="9">(DE-588)4011889-7</subfield>
          </datafield>
          <datafield tag="PKO" ind1="-" ind2="1">
            <subfield code="g">Bondsrepubliek Duitsland</subfield>
            <subfield code="h">Deutschland, Bundesrepublik</subfield>
            <subfield code="9">(DE-588)4011889-7</subfield>
          </datafield>
          <datafield tag="PKO" ind1="-" ind2="1">
            <subfield code="g">Németországi Szövetségi Kőztársaság</subfield>
            <subfield code="h">Deutschland, Bundesrepublik</subfield>
            <subfield code="9">(DE-588)4011889-7</subfield>
          </datafield>
          <datafield tag="PKO" ind1="-" ind2="1">
            <subfield code="g">Almāniyā</subfield>
            <subfield code="h">Deutschland, Bundesrepublik</subfield>
            <subfield code="9">(DE-588)4011889-7</subfield>
          </datafield>
          <datafield tag="PKO" ind1="-" ind2="1">
            <subfield code="g">BRD</subfield>
            <subfield code="9">(DE-588)4011889-7</subfield>
          </datafield>
          <datafield tag="PKO" ind1="-" ind2="1">
            <subfield code="g">Bundesrepublik Deutschland</subfield>
            <subfield code="h">1949-1990</subfield>
            <subfield code="9">(DE-588)4011889-7</subfield>
          </datafield>
          <datafield tag="PKO" ind1="-" ind2="1">
            <subfield code="g">Westdeutschland</subfield>
            <subfield code="h">Bundesrepublik, 1949-1990</subfield>
            <subfield code="9">(DE-588)4011889-7</subfield>
          </datafield>
          <datafield tag="PKO" ind1="-" ind2="1">
            <subfield code="g">BRD</subfield>
            <subfield code="h">1949-1990</subfield>
            <subfield code="9">(DE-588)4011889-7</subfield>
          </datafield>
          <datafield tag="PKO" ind1="-" ind2="1">
            <subfield code="g">Deutschland</subfield>
            <subfield code="x">Bundesrepublik</subfield>
            <subfield code="h">1949-1990</subfield>
            <subfield code="9">(DE-588)4011889-7</subfield>
          </datafield>
          <datafield tag="PKO" ind1="-" ind2="1">
            <subfield code="g">República Federal de Alemania</subfield>
            <subfield code="h">Deutschland, Bundesrepublik</subfield>
            <subfield code="9">(DE-588)4011889-7</subfield>
          </datafield>
          <datafield tag="PKO" ind1="-" ind2="1">
            <subfield code="g">Alemania</subfield>
            <subfield code="h">Deutschland, Bundesrepublik</subfield>
            <subfield code="9">(DE-588)4011889-7</subfield>
          </datafield>
          <datafield tag="PKO" ind1="-" ind2="1">
            <subfield code="g">Allemagne</subfield>
            <subfield code="h">Deutschland, Bundesrepublik</subfield>
            <subfield code="9">(DE-588)4011889-7</subfield>
          </datafield>
          <datafield tag="PKO" ind1="-" ind2="1">
            <subfield code="g">Federal Republic of Germany</subfield>
            <subfield code="h">Deutschland, Bundesrepublik</subfield>
            <subfield code="9">(DE-588)4011889-7</subfield>
          </datafield>
          <datafield tag="PKO" ind1="-" ind2="1">
            <subfield code="g">FRG</subfield>
            <subfield code="9">(DE-588)4011889-7</subfield>
          </datafield>
          <datafield tag="PKO" ind1="-" ind2="1">
            <subfield code="g">Republic of Germany</subfield>
            <subfield code="h">Deutschland, Bundesrepublik</subfield>
            <subfield code="9">(DE-588)4011889-7</subfield>
          </datafield>
          <datafield tag="PKO" ind1="-" ind2="1">
            <subfield code="g">République Fédérale d'Allemagne</subfield>
            <subfield code="h">Deutschland, Bundesrepublik</subfield>
            <subfield code="9">(DE-588)4011889-7</subfield>
          </datafield>
          <datafield tag="PKO" ind1="-" ind2="1">
            <subfield code="g">Republik Federasi Djerman</subfield>
            <subfield code="h">Deutschland, Bundesrepublik</subfield>
            <subfield code="9">(DE-588)4011889-7</subfield>
          </datafield>
          <datafield tag="PKO" ind1="-" ind2="1">
            <subfield code="g">Republika Federalna Niemiec</subfield>
            <subfield code="h">Deutschland, Bundesrepublik</subfield>
            <subfield code="9">(DE-588)4011889-7</subfield>
          </datafield>
          <datafield tag="PKO" ind1="-" ind2="1">
            <subfield code="g">RFN</subfield>
            <subfield code="9">(DE-588)4011889-7</subfield>
          </datafield>
          <datafield tag="PKO" ind1="-" ind2="1">
            <subfield code="g">Niemiecka Republika Federalna Niemiecka Republika Federalna</subfield>
            <subfield code="9">(DE-588)4011889-7</subfield>
          </datafield>
          <datafield tag="PKO" ind1="-" ind2="1">
            <subfield code="g">NRF</subfield>
            <subfield code="9">(DE-588)4011889-7</subfield>
          </datafield>
          <datafield tag="PKO" ind1="-" ind2="1">
            <subfield code="g">Almanija</subfield>
            <subfield code="h">Deutschland, Bundesrepublik</subfield>
            <subfield code="9">(DE-588)4011889-7</subfield>
          </datafield>
          <datafield tag="PKO" ind1="-" ind2="1">
            <subfield code="g">Alemanha</subfield>
            <subfield code="h">Deutschland, Bundesrepublik</subfield>
            <subfield code="9">(DE-588)4011889-7</subfield>
          </datafield>
          <datafield tag="PKO" ind1="-" ind2="1">
            <subfield code="g">Repubblica Federale di Germania</subfield>
            <subfield code="h">Deutschland, Bundesrepublik</subfield>
            <subfield code="9">(DE-588)4011889-7</subfield>
          </datafield>
          <datafield tag="PKO" ind1="-" ind2="1">
            <subfield code="g">Saksan Liittotasavalta</subfield>
            <subfield code="h">Deutschland, Bundesrepublik</subfield>
            <subfield code="9">(DE-588)4011889-7</subfield>
          </datafield>
          <datafield tag="PKO" ind1="-" ind2="1">
            <subfield code="g">Germany</subfield>
            <subfield code="h">Deutschland, Bundesrepublik</subfield>
            <subfield code="9">(DE-588)4011889-7</subfield>
          </datafield>
          <datafield tag="PKO" ind1="-" ind2="1">
            <subfield code="g">Deutschland</subfield>
            <subfield code="h">1949-1990, Bundesrepublik</subfield>
            <subfield code="9">(DE-588)4011889-7</subfield>
          </datafield>
          <datafield tag="PKO" ind1="-" ind2="1">
            <subfield code="g">Förbundsrepublikken Tyskland</subfield>
            <subfield code="h">Deutschland, Bundesrepublik</subfield>
            <subfield code="9">(DE-588)4011889-7</subfield>
          </datafield>
          <datafield tag="PKO" ind1="-" ind2="1">
            <subfield code="g">República Federal da Alemanha</subfield>
            <subfield code="h">Deutschland, Bundesrepublik</subfield>
            <subfield code="9">(DE-588)4011889-7</subfield>
          </datafield>
          <datafield tag="PKO" ind1="-" ind2="1">
            <subfield code="g">Bondsrepubliek Duitsland</subfield>
            <subfield code="h">Deutschland, Bundesrepublik</subfield>
            <subfield code="9">(DE-588)4011889-7</subfield>
          </datafield>
          <datafield tag="PKO" ind1="-" ind2="1">
            <subfield code="g">Németországi Szövetségi Kőztársaság</subfield>
            <subfield code="h">Deutschland, Bundesrepublik</subfield>
            <subfield code="9">(DE-588)4011889-7</subfield>
          </datafield>
          <datafield tag="PKO" ind1="-" ind2="1">
            <subfield code="g">Almāniyā</subfield>
            <subfield code="h">Deutschland, Bundesrepublik</subfield>
            <subfield code="9">(DE-588)4011889-7</subfield>
          </datafield>
          <datafield tag="PKO" ind1="-" ind2="1">
            <subfield code="g">BRD</subfield>
            <subfield code="9">(DE-588)4011889-7</subfield>
          </datafield>
          <datafield tag="PKO" ind1="-" ind2="1">
            <subfield code="g">Ostzone</subfield>
            <subfield code="9">(DE-588)4011890-3</subfield>
          </datafield>
          <datafield tag="PKO" ind1="-" ind2="1">
            <subfield code="g">DDR</subfield>
            <subfield code="9">(DE-588)4011890-3</subfield>
          </datafield>
          <datafield tag="PKO" ind1="-" ind2="1">
            <subfield code="g">Deutsche Demokratische Republik</subfield>
            <subfield code="9">(DE-588)4011890-3</subfield>
          </datafield>
          <datafield tag="PKO" ind1="-" ind2="1">
            <subfield code="g">Mitteldeutschland</subfield>
            <subfield code="h">DDR</subfield>
            <subfield code="9">(DE-588)4011890-3</subfield>
          </datafield>
          <datafield tag="PKO" ind1="-" ind2="1">
            <subfield code="g">Ostdeutschland</subfield>
            <subfield code="h">DDR</subfield>
            <subfield code="9">(DE-588)4011890-3</subfield>
          </datafield>
          <datafield tag="PKO" ind1="-" ind2="1">
            <subfield code="g">Deutschland</subfield>
            <subfield code="h">1949-1990, DDR</subfield>
            <subfield code="9">(DE-588)4011890-3</subfield>
          </datafield>
          <datafield tag="PKO" ind1="-" ind2="1">
            <subfield code="g">German Democratic Republic</subfield>
            <subfield code="9">(DE-588)4011890-3</subfield>
          </datafield>
          <datafield tag="PKO" ind1="-" ind2="1">
            <subfield code="g">GDR</subfield>
            <subfield code="9">(DE-588)4011890-3</subfield>
          </datafield>
          <datafield tag="PKO" ind1="-" ind2="1">
            <subfield code="g">République Démocratique Allemande</subfield>
            <subfield code="9">(DE-588)4011890-3</subfield>
          </datafield>
          <datafield tag="PKO" ind1="-" ind2="1">
            <subfield code="g">RDA</subfield>
            <subfield code="9">(DE-588)4011890-3</subfield>
          </datafield>
          <datafield tag="PKO" ind1="-" ind2="1">
            <subfield code="g">Germanskaja Demokratičeskaja Respublika</subfield>
            <subfield code="9">(DE-588)4011890-3</subfield>
          </datafield>
          <datafield tag="PKO" ind1="-" ind2="1">
            <subfield code="g">Demokratičeskaja Respublika</subfield>
            <subfield code="h">Deutschland, DDR</subfield>
            <subfield code="9">(DE-588)4011890-3</subfield>
          </datafield>
          <datafield tag="PKO" ind1="-" ind2="1">
            <subfield code="g">Democratic Republic</subfield>
            <subfield code="h">Deutschland, DDR</subfield>
            <subfield code="9">(DE-588)4011890-3</subfield>
          </datafield>
          <datafield tag="PKO" ind1="-" ind2="1">
            <subfield code="g">Demokratische Republik</subfield>
            <subfield code="h">Deutschland, DDR</subfield>
            <subfield code="9">(DE-588)4011890-3</subfield>
          </datafield>
          <datafield tag="PKO" ind1="-" ind2="1">
            <subfield code="g">Niemiecka Republika Demokratyczna</subfield>
            <subfield code="9">(DE-588)4011890-3</subfield>
          </datafield>
          <datafield tag="PKO" ind1="-" ind2="1">
            <subfield code="g">NRD</subfield>
            <subfield code="9">(DE-588)4011890-3</subfield>
          </datafield>
          <datafield tag="PKO" ind1="-" ind2="1">
            <subfield code="g">Ǧumhūrīyat Almāniyā ad-Dīmuqrāṭīya</subfield>
            <subfield code="9">(DE-588)4011890-3</subfield>
          </datafield>
          <datafield tag="PKO" ind1="-" ind2="1">
            <subfield code="g">República Democrática Alemana</subfield>
            <subfield code="9">(DE-588)4011890-3</subfield>
          </datafield>
          <datafield tag="PKO" ind1="-" ind2="1">
            <subfield code="g">Saksan Demokraattisen Tasavallan</subfield>
            <subfield code="9">(DE-588)4011890-3</subfield>
          </datafield>
          <datafield tag="PKO" ind1="-" ind2="1">
            <subfield code="g">Repubblica Democratica Tedesca</subfield>
            <subfield code="9">(DE-588)4011890-3</subfield>
          </datafield>
          <datafield tag="PKO" ind1="-" ind2="1">
            <subfield code="g">Ostzone</subfield>
            <subfield code="9">(DE-588)4011890-3</subfield>
          </datafield>
          <datafield tag="PKO" ind1="-" ind2="1">
            <subfield code="g">DDR</subfield>
            <subfield code="9">(DE-588)4011890-3</subfield>
          </datafield>
          <datafield tag="PKO" ind1="-" ind2="1">
            <subfield code="g">Deutsche Demokratische Republik</subfield>
            <subfield code="9">(DE-588)4011890-3</subfield>
          </datafield>
          <datafield tag="PKO" ind1="-" ind2="1">
            <subfield code="g">Mitteldeutschland</subfield>
            <subfield code="h">DDR</subfield>
            <subfield code="9">(DE-588)4011890-3</subfield>
          </datafield>
          <datafield tag="PKO" ind1="-" ind2="1">
            <subfield code="g">Ostdeutschland</subfield>
            <subfield code="h">DDR</subfield>
            <subfield code="9">(DE-588)4011890-3</subfield>
          </datafield>
          <datafield tag="PKO" ind1="-" ind2="1">
            <subfield code="g">Deutschland</subfield>
            <subfield code="h">1949-1990, DDR</subfield>
            <subfield code="9">(DE-588)4011890-3</subfield>
          </datafield>
          <datafield tag="PKO" ind1="-" ind2="1">
            <subfield code="g">German Democratic Republic</subfield>
            <subfield code="9">(DE-588)4011890-3</subfield>
          </datafield>
          <datafield tag="PKO" ind1="-" ind2="1">
            <subfield code="g">GDR</subfield>
            <subfield code="9">(DE-588)4011890-3</subfield>
          </datafield>
          <datafield tag="PKO" ind1="-" ind2="1">
            <subfield code="g">République Démocratique Allemande</subfield>
            <subfield code="9">(DE-588)4011890-3</subfield>
          </datafield>
          <datafield tag="PKO" ind1="-" ind2="1">
            <subfield code="g">RDA</subfield>
            <subfield code="9">(DE-588)4011890-3</subfield>
          </datafield>
          <datafield tag="PKO" ind1="-" ind2="1">
            <subfield code="g">Germanskaja Demokratičeskaja Respublika</subfield>
            <subfield code="9">(DE-588)4011890-3</subfield>
          </datafield>
          <datafield tag="PKO" ind1="-" ind2="1">
            <subfield code="g">Demokratičeskaja Respublika</subfield>
            <subfield code="h">Deutschland, DDR</subfield>
            <subfield code="9">(DE-588)4011890-3</subfield>
          </datafield>
          <datafield tag="PKO" ind1="-" ind2="1">
            <subfield code="g">Democratic Republic</subfield>
            <subfield code="h">Deutschland, DDR</subfield>
            <subfield code="9">(DE-588)4011890-3</subfield>
          </datafield>
          <datafield tag="PKO" ind1="-" ind2="1">
            <subfield code="g">Demokratische Republik</subfield>
            <subfield code="h">Deutschland, DDR</subfield>
            <subfield code="9">(DE-588)4011890-3</subfield>
          </datafield>
          <datafield tag="PKO" ind1="-" ind2="1">
            <subfield code="g">Niemiecka Republika Demokratyczna</subfield>
            <subfield code="9">(DE-588)4011890-3</subfield>
          </datafield>
          <datafield tag="PKO" ind1="-" ind2="1">
            <subfield code="g">NRD</subfield>
            <subfield code="9">(DE-588)4011890-3</subfield>
          </datafield>
          <datafield tag="PKO" ind1="-" ind2="1">
            <subfield code="g">Ǧumhūrīyat Almāniyā ad-Dīmuqrāṭīya</subfield>
            <subfield code="9">(DE-588)4011890-3</subfield>
          </datafield>
          <datafield tag="PKO" ind1="-" ind2="1">
            <subfield code="g">República Democrática Alemana</subfield>
            <subfield code="9">(DE-588)4011890-3</subfield>
          </datafield>
          <datafield tag="PKO" ind1="-" ind2="1">
            <subfield code="g">Saksan Demokraattisen Tasavallan</subfield>
            <subfield code="9">(DE-588)4011890-3</subfield>
          </datafield>
          <datafield tag="PKO" ind1="-" ind2="1">
            <subfield code="g">Repubblica Democratica Tedesca</subfield>
            <subfield code="9">(DE-588)4011890-3</subfield>
          </datafield>
          <datafield tag="PKO" ind1="-" ind2="1">
            <subfield code="g">Ostzone</subfield>
            <subfield code="9">(DE-588)4011890-3</subfield>
          </datafield>
          <datafield tag="PKO" ind1="-" ind2="1">
            <subfield code="g">DDR</subfield>
            <subfield code="9">(DE-588)4011890-3</subfield>
          </datafield>
          <datafield tag="PKO" ind1="-" ind2="1">
            <subfield code="g">Deutsche Demokratische Republik</subfield>
            <subfield code="9">(DE-588)4011890-3</subfield>
          </datafield>
          <datafield tag="PKO" ind1="-" ind2="1">
            <subfield code="g">Mitteldeutschland</subfield>
            <subfield code="h">DDR</subfield>
            <subfield code="9">(DE-588)4011890-3</subfield>
          </datafield>
          <datafield tag="PKO" ind1="-" ind2="1">
            <subfield code="g">Ostdeutschland</subfield>
            <subfield code="h">DDR</subfield>
            <subfield code="9">(DE-588)4011890-3</subfield>
          </datafield>
          <datafield tag="PKO" ind1="-" ind2="1">
            <subfield code="g">Deutschland</subfield>
            <subfield code="h">1949-1990, DDR</subfield>
            <subfield code="9">(DE-588)4011890-3</subfield>
          </datafield>
          <datafield tag="PKO" ind1="-" ind2="1">
            <subfield code="g">German Democratic Republic</subfield>
            <subfield code="9">(DE-588)4011890-3</subfield>
          </datafield>
          <datafield tag="PKO" ind1="-" ind2="1">
            <subfield code="g">GDR</subfield>
            <subfield code="9">(DE-588)4011890-3</subfield>
          </datafield>
          <datafield tag="PKO" ind1="-" ind2="1">
            <subfield code="g">République Démocratique Allemande</subfield>
            <subfield code="9">(DE-588)4011890-3</subfield>
          </datafield>
          <datafield tag="PKO" ind1="-" ind2="1">
            <subfield code="g">RDA</subfield>
            <subfield code="9">(DE-588)4011890-3</subfield>
          </datafield>
          <datafield tag="PKO" ind1="-" ind2="1">
            <subfield code="g">Germanskaja Demokratičeskaja Respublika</subfield>
            <subfield code="9">(DE-588)4011890-3</subfield>
          </datafield>
          <datafield tag="PKO" ind1="-" ind2="1">
            <subfield code="g">Demokratičeskaja Respublika</subfield>
            <subfield code="h">Deutschland, DDR</subfield>
            <subfield code="9">(DE-588)4011890-3</subfield>
          </datafield>
          <datafield tag="PKO" ind1="-" ind2="1">
            <subfield code="g">Democratic Republic</subfield>
            <subfield code="h">Deutschland, DDR</subfield>
            <subfield code="9">(DE-588)4011890-3</subfield>
          </datafield>
          <datafield tag="PKO" ind1="-" ind2="1">
            <subfield code="g">Demokratische Republik</subfield>
            <subfield code="h">Deutschland, DDR</subfield>
            <subfield code="9">(DE-588)4011890-3</subfield>
          </datafield>
          <datafield tag="PKO" ind1="-" ind2="1">
            <subfield code="g">Niemiecka Republika Demokratyczna</subfield>
            <subfield code="9">(DE-588)4011890-3</subfield>
          </datafield>
          <datafield tag="PKO" ind1="-" ind2="1">
            <subfield code="g">NRD</subfield>
            <subfield code="9">(DE-588)4011890-3</subfield>
          </datafield>
          <datafield tag="PKO" ind1="-" ind2="1">
            <subfield code="g">Ǧumhūrīyat Almāniyā ad-Dīmuqrāṭīya</subfield>
            <subfield code="9">(DE-588)4011890-3</subfield>
          </datafield>
          <datafield tag="PKO" ind1="-" ind2="1">
            <subfield code="g">República Democrática Alemana</subfield>
            <subfield code="9">(DE-588)4011890-3</subfield>
          </datafield>
          <datafield tag="PKO" ind1="-" ind2="1">
            <subfield code="g">Saksan Demokraattisen Tasavallan</subfield>
            <subfield code="9">(DE-588)4011890-3</subfield>
          </datafield>
          <datafield tag="PKO" ind1="-" ind2="1">
            <subfield code="g">Repubblica Democratica Tedesca</subfield>
            <subfield code="9">(DE-588)4011890-3</subfield>
          </datafield>
          <datafield tag="PKO" ind1="-" ind2="1">
            <subfield code="g">Ostzone</subfield>
            <subfield code="9">(DE-588)4011890-3</subfield>
          </datafield>
          <datafield tag="PKO" ind1="-" ind2="1">
            <subfield code="g">DDR</subfield>
            <subfield code="9">(DE-588)4011890-3</subfield>
          </datafield>
          <datafield tag="PKO" ind1="-" ind2="1">
            <subfield code="g">Deutsche Demokratische Republik</subfield>
            <subfield code="9">(DE-588)4011890-3</subfield>
          </datafield>
          <datafield tag="PKO" ind1="-" ind2="1">
            <subfield code="g">Mitteldeutschland</subfield>
            <subfield code="h">DDR</subfield>
            <subfield code="9">(DE-588)4011890-3</subfield>
          </datafield>
          <datafield tag="PKO" ind1="-" ind2="1">
            <subfield code="g">Ostdeutschland</subfield>
            <subfield code="h">DDR</subfield>
            <subfield code="9">(DE-588)4011890-3</subfield>
          </datafield>
          <datafield tag="PKO" ind1="-" ind2="1">
            <subfield code="g">Deutschland</subfield>
            <subfield code="h">1949-1990, DDR</subfield>
            <subfield code="9">(DE-588)4011890-3</subfield>
          </datafield>
          <datafield tag="PKO" ind1="-" ind2="1">
            <subfield code="g">German Democratic Republic</subfield>
            <subfield code="9">(DE-588)4011890-3</subfield>
          </datafield>
          <datafield tag="PKO" ind1="-" ind2="1">
            <subfield code="g">GDR</subfield>
            <subfield code="9">(DE-588)4011890-3</subfield>
          </datafield>
          <datafield tag="PKO" ind1="-" ind2="1">
            <subfield code="g">République Démocratique Allemande</subfield>
            <subfield code="9">(DE-588)4011890-3</subfield>
          </datafield>
          <datafield tag="PKO" ind1="-" ind2="1">
            <subfield code="g">RDA</subfield>
            <subfield code="9">(DE-588)4011890-3</subfield>
          </datafield>
          <datafield tag="PKO" ind1="-" ind2="1">
            <subfield code="g">Germanskaja Demokratičeskaja Respublika</subfield>
            <subfield code="9">(DE-588)4011890-3</subfield>
          </datafield>
          <datafield tag="PKO" ind1="-" ind2="1">
            <subfield code="g">Demokratičeskaja Respublika</subfield>
            <subfield code="h">Deutschland, DDR</subfield>
            <subfield code="9">(DE-588)4011890-3</subfield>
          </datafield>
          <datafield tag="PKO" ind1="-" ind2="1">
            <subfield code="g">Democratic Republic</subfield>
            <subfield code="h">Deutschland, DDR</subfield>
            <subfield code="9">(DE-588)4011890-3</subfield>
          </datafield>
          <datafield tag="PKO" ind1="-" ind2="1">
            <subfield code="g">Demokratische Republik</subfield>
            <subfield code="h">Deutschland, DDR</subfield>
            <subfield code="9">(DE-588)4011890-3</subfield>
          </datafield>
          <datafield tag="PKO" ind1="-" ind2="1">
            <subfield code="g">Niemiecka Republika Demokratyczna</subfield>
            <subfield code="9">(DE-588)4011890-3</subfield>
          </datafield>
          <datafield tag="PKO" ind1="-" ind2="1">
            <subfield code="g">NRD</subfield>
            <subfield code="9">(DE-588)4011890-3</subfield>
          </datafield>
          <datafield tag="PKO" ind1="-" ind2="1">
            <subfield code="g">Ǧumhūrīyat Almāniyā ad-Dīmuqrāṭīya</subfield>
            <subfield code="9">(DE-588)4011890-3</subfield>
          </datafield>
          <datafield tag="PKO" ind1="-" ind2="1">
            <subfield code="g">República Democrática Alemana</subfield>
            <subfield code="9">(DE-588)4011890-3</subfield>
          </datafield>
          <datafield tag="PKO" ind1="-" ind2="1">
            <subfield code="g">Saksan Demokraattisen Tasavallan</subfield>
            <subfield code="9">(DE-588)4011890-3</subfield>
          </datafield>
          <datafield tag="PKO" ind1="-" ind2="1">
            <subfield code="g">Repubblica Democratica Tedesca</subfield>
            <subfield code="9">(DE-588)4011890-3</subfield>
          </datafield>
          <datafield tag="PKO" ind1="-" ind2="1">
            <subfield code="g">Ostzone</subfield>
            <subfield code="9">(DE-588)4011890-3</subfield>
          </datafield>
          <datafield tag="PKO" ind1="-" ind2="1">
            <subfield code="g">DDR</subfield>
            <subfield code="9">(DE-588)4011890-3</subfield>
          </datafield>
          <datafield tag="PKO" ind1="-" ind2="1">
            <subfield code="g">Deutsche Demokratische Republik</subfield>
            <subfield code="9">(DE-588)4011890-3</subfield>
          </datafield>
          <datafield tag="PKO" ind1="-" ind2="1">
            <subfield code="g">Mitteldeutschland</subfield>
            <subfield code="h">DDR</subfield>
            <subfield code="9">(DE-588)4011890-3</subfield>
          </datafield>
          <datafield tag="PKO" ind1="-" ind2="1">
            <subfield code="g">Ostdeutschland</subfield>
            <subfield code="h">DDR</subfield>
            <subfield code="9">(DE-588)4011890-3</subfield>
          </datafield>
          <datafield tag="PKO" ind1="-" ind2="1">
            <subfield code="g">Deutschland</subfield>
            <subfield code="h">1949-1990, DDR</subfield>
            <subfield code="9">(DE-588)4011890-3</subfield>
          </datafield>
          <datafield tag="PKO" ind1="-" ind2="1">
            <subfield code="g">German Democratic Republic</subfield>
            <subfield code="9">(DE-588)4011890-3</subfield>
          </datafield>
          <datafield tag="PKO" ind1="-" ind2="1">
            <subfield code="g">GDR</subfield>
            <subfield code="9">(DE-588)4011890-3</subfield>
          </datafield>
          <datafield tag="PKO" ind1="-" ind2="1">
            <subfield code="g">République Démocratique Allemande</subfield>
            <subfield code="9">(DE-588)4011890-3</subfield>
          </datafield>
          <datafield tag="PKO" ind1="-" ind2="1">
            <subfield code="g">RDA</subfield>
            <subfield code="9">(DE-588)4011890-3</subfield>
          </datafield>
          <datafield tag="PKO" ind1="-" ind2="1">
            <subfield code="g">Germanskaja Demokratičeskaja Respublika</subfield>
            <subfield code="9">(DE-588)4011890-3</subfield>
          </datafield>
          <datafield tag="PKO" ind1="-" ind2="1">
            <subfield code="g">Demokratičeskaja Respublika</subfield>
            <subfield code="h">Deutschland, DDR</subfield>
            <subfield code="9">(DE-588)4011890-3</subfield>
          </datafield>
          <datafield tag="PKO" ind1="-" ind2="1">
            <subfield code="g">Democratic Republic</subfield>
            <subfield code="h">Deutschland, DDR</subfield>
            <subfield code="9">(DE-588)4011890-3</subfield>
          </datafield>
          <datafield tag="PKO" ind1="-" ind2="1">
            <subfield code="g">Demokratische Republik</subfield>
            <subfield code="h">Deutschland, DDR</subfield>
            <subfield code="9">(DE-588)4011890-3</subfield>
          </datafield>
          <datafield tag="PKO" ind1="-" ind2="1">
            <subfield code="g">Niemiecka Republika Demokratyczna</subfield>
            <subfield code="9">(DE-588)4011890-3</subfield>
          </datafield>
          <datafield tag="PKO" ind1="-" ind2="1">
            <subfield code="g">NRD</subfield>
            <subfield code="9">(DE-588)4011890-3</subfield>
          </datafield>
          <datafield tag="PKO" ind1="-" ind2="1">
            <subfield code="g">Ǧumhūrīyat Almāniyā ad-Dīmuqrāṭīya</subfield>
            <subfield code="9">(DE-588)4011890-3</subfield>
          </datafield>
          <datafield tag="PKO" ind1="-" ind2="1">
            <subfield code="g">República Democrática Alemana</subfield>
            <subfield code="9">(DE-588)4011890-3</subfield>
          </datafield>
          <datafield tag="PKO" ind1="-" ind2="1">
            <subfield code="g">Saksan Demokraattisen Tasavallan</subfield>
            <subfield code="9">(DE-588)4011890-3</subfield>
          </datafield>
          <datafield tag="PKO" ind1="-" ind2="1">
            <subfield code="g">Repubblica Democratica Tedesca</subfield>
            <subfield code="9">(DE-588)4011890-3</subfield>
          </datafield>
          <datafield tag="PKO" ind1="-" ind2="1">
            <subfield code="g">Ostzone</subfield>
            <subfield code="9">(DE-588)4011890-3</subfield>
          </datafield>
          <datafield tag="PKO" ind1="-" ind2="1">
            <subfield code="g">DDR</subfield>
            <subfield code="9">(DE-588)4011890-3</subfield>
          </datafield>
          <datafield tag="PKO" ind1="-" ind2="1">
            <subfield code="g">Deutsche Demokratische Republik</subfield>
            <subfield code="9">(DE-588)4011890-3</subfield>
          </datafield>
          <datafield tag="PKO" ind1="-" ind2="1">
            <subfield code="g">Mitteldeutschland</subfield>
            <subfield code="h">DDR</subfield>
            <subfield code="9">(DE-588)4011890-3</subfield>
          </datafield>
          <datafield tag="PKO" ind1="-" ind2="1">
            <subfield code="g">Ostdeutschland</subfield>
            <subfield code="h">DDR</subfield>
            <subfield code="9">(DE-588)4011890-3</subfield>
          </datafield>
          <datafield tag="PKO" ind1="-" ind2="1">
            <subfield code="g">Deutschland</subfield>
            <subfield code="h">1949-1990, DDR</subfield>
            <subfield code="9">(DE-588)4011890-3</subfield>
          </datafield>
          <datafield tag="PKO" ind1="-" ind2="1">
            <subfield code="g">German Democratic Republic</subfield>
            <subfield code="9">(DE-588)4011890-3</subfield>
          </datafield>
          <datafield tag="PKO" ind1="-" ind2="1">
            <subfield code="g">GDR</subfield>
            <subfield code="9">(DE-588)4011890-3</subfield>
          </datafield>
          <datafield tag="PKO" ind1="-" ind2="1">
            <subfield code="g">République Démocratique Allemande</subfield>
            <subfield code="9">(DE-588)4011890-3</subfield>
          </datafield>
          <datafield tag="PKO" ind1="-" ind2="1">
            <subfield code="g">RDA</subfield>
            <subfield code="9">(DE-588)4011890-3</subfield>
          </datafield>
          <datafield tag="PKO" ind1="-" ind2="1">
            <subfield code="g">Germanskaja Demokratičeskaja Respublika</subfield>
            <subfield code="9">(DE-588)4011890-3</subfield>
          </datafield>
          <datafield tag="PKO" ind1="-" ind2="1">
            <subfield code="g">Demokratičeskaja Respublika</subfield>
            <subfield code="h">Deutschland, DDR</subfield>
            <subfield code="9">(DE-588)4011890-3</subfield>
          </datafield>
          <datafield tag="PKO" ind1="-" ind2="1">
            <subfield code="g">Democratic Republic</subfield>
            <subfield code="h">Deutschland, DDR</subfield>
            <subfield code="9">(DE-588)4011890-3</subfield>
          </datafield>
          <datafield tag="PKO" ind1="-" ind2="1">
            <subfield code="g">Demokratische Republik</subfield>
            <subfield code="h">Deutschland, DDR</subfield>
            <subfield code="9">(DE-588)4011890-3</subfield>
          </datafield>
          <datafield tag="PKO" ind1="-" ind2="1">
            <subfield code="g">Niemiecka Republika Demokratyczna</subfield>
            <subfield code="9">(DE-588)4011890-3</subfield>
          </datafield>
          <datafield tag="PKO" ind1="-" ind2="1">
            <subfield code="g">NRD</subfield>
            <subfield code="9">(DE-588)4011890-3</subfield>
          </datafield>
          <datafield tag="PKO" ind1="-" ind2="1">
            <subfield code="g">Ǧumhūrīyat Almāniyā ad-Dīmuqrāṭīya</subfield>
            <subfield code="9">(DE-588)4011890-3</subfield>
          </datafield>
          <datafield tag="PKO" ind1="-" ind2="1">
            <subfield code="g">República Democrática Alemana</subfield>
            <subfield code="9">(DE-588)4011890-3</subfield>
          </datafield>
          <datafield tag="PKO" ind1="-" ind2="1">
            <subfield code="g">Saksan Demokraattisen Tasavallan</subfield>
            <subfield code="9">(DE-588)4011890-3</subfield>
          </datafield>
          <datafield tag="PKO" ind1="-" ind2="1">
            <subfield code="g">Repubblica Democratica Tedesca</subfield>
            <subfield code="9">(DE-588)4011890-3</subfield>
          </datafield>
          <datafield tag="700" ind1=" " ind2=" ">
            <subfield code="a">PDW</subfield>
          </datafield>
          <datafield tag="OWN" ind1=" " ind2=" ">
            <subfield code="a">P0001</subfield>
          </datafield>
          <datafield tag="LOC" ind1=" " ind2=" ">
            <subfield code="m">BOOK</subfield>
            <subfield code="a">P0001</subfield>
            <subfield code="b">30</subfield>
            <subfield code="d">PDW1194</subfield>
            <subfield code="i">76/8878</subfield>
            <subfield code="n">30</subfield>
            <subfield code="k">20000217</subfield>
            <subfield code="5">17288-10</subfield>
          </datafield>
          <datafield tag="LOC" ind1=" " ind2=" ">
            <subfield code="m">BOOK</subfield>
            <subfield code="a">P0001</subfield>
            <subfield code="b">31</subfield>
            <subfield code="d">PDW1194+1</subfield>
            <subfield code="n">20</subfield>
            <subfield code="k">00000000</subfield>
            <subfield code="5">17288-20</subfield>
          </datafield>
        </record>
      </metadata>
    </record>
  </ListRecords>
</OAI-PMH>
